<record xmlns:xsi="http://www.w3.org/2001/XMLSchema-instance" xmlns="http://www.loc.gov/MARC21/slim" xsi:schemaLocation="http://www.loc.gov/MARC21/slim http://www.loc.gov/standards/marcxml/schema/MARC21slim.xsd">

  <leader>     nam a22        4500</leader>
  <datafield ind1=" " ind2=" " tag="999">
    <subfield code="c">3443</subfield>
    <subfield code="d">3443</subfield>
  </datafield>
  <controlfield tag="008">171011b2017    P  a|||| |||| 00| | spa d</controlfield>
  <datafield tag="090" ind1=" " ind2=" ">
    <subfield code="a">06.02.01</subfield>
    <subfield code="b">2429</subfield>
  </datafield>
  <datafield tag="110" ind2=" " ind1="2">
    <subfield code="9">3234</subfield>
    <subfield code="a">Universidad Peruana Cayetano Heredia. Facultad de Educación</subfield>
  </datafield>
  <datafield ind2="0" ind1="1" tag="245">
    <subfield code="a">Asesoría y acompañamiento en el aula</subfield>
  </datafield>
  <datafield ind1=" " ind2=" " tag="260">
    <subfield code="a">[Lima, Perú] :</subfield>
    <subfield code="b">USAID,</subfield>
    <subfield code="c">2017</subfield>
  </datafield>
  <datafield ind1=" " ind2=" " tag="300">
    <subfield code="a">151 páginas;</subfield>
    <subfield code="b">ilustraciones</subfield>
  </datafield>
  <datafield ind2=" " ind1=" " tag="490">
    <subfield code="a">Gestión escolar centrada en el aprendizaje,</subfield>
    <subfield code="v">7</subfield>
  </datafield>
  <datafield tag="650" ind1="1" ind2="4">
    <subfield code="9">1</subfield>
    <subfield code="a">EDUCACIÓN</subfield>
  </datafield>
  <datafield tag="650" ind2="4" ind1="1">
    <subfield code="9">342</subfield>
    <subfield code="a">CURRÍCULO (EDUCACIÓN)</subfield>
  </datafield>
  <datafield tag="650" ind1="1" ind2="4">
    <subfield code="9">9</subfield>
    <subfield code="a">FORMACIÓN DE DOCENTES</subfield>
  </datafield>
  <datafield tag="651" ind1=" " ind2="4">
    <subfield code="9">1736</subfield>
    <subfield code="a">PERÚ</subfield>
  </datafield>
  <datafield ind1=" " ind2=" " tag="942">
    <subfield code="2">z</subfield>
    <subfield code="c">01</subfield>
  </datafield>
</record>